@article{dataset,
  title={Chicago crimes 2001-2018 (November)},
  author={Spiros Politis (2018)},
  year={2001-2018},
  publisher={https://www.kaggle.com/spirospolitis/chicago-crimes-20012018-november}
}

@article{nunamaker1990systems,
  title={Systems development in information systems research},
  author={Nunamaker Jr, Jay F and Chen, Minder and Purdin, Titus DM},
  journal={Journal of management information systems},
  volume={7},
  number={3},
  pages={89--106},
  year={1990},
  publisher={Taylor \& Francis}
}

@book{friedman2017crime,
  title={Crime Trends, 1990-2016},
  author={Friedman, Matthew and Grawert, Ames C and Cullen, James},
  year={2017},
  publisher={Brennan Center for Justice at New York University School of Law New York, NY}
}

@article{test,
  author = {Parmezan, Antonio and Alves de Souza, Vin√≠cius and Batista, Gustavo},
  year = {2019},
  month = {01},
  pages = {},
  title = {Evaluation of statistical and machine learning models for time series prediction: Identifying the state-of-the-art and the best conditions for the use of each model},
  journal = {Information Sciences},
  doi = {10.1016/j.ins.2019.01.076}
}

@article{lavalle2004relationship,
  title={On the relationship between classical grid search and probabilistic roadmaps},
  author={LaValle, Steven M and Branicky, Michael S and Lindemann, Stephen R},
  journal={The International Journal of Robotics Research},
  volume={23},
  number={7-8},
  pages={673--692},
  year={2004},
  publisher={SAGE Publications}
}

@article{one,
  title={Epidemiological trends of coronavirus disease 2019 in Nigeria: from 1 to 10,000},
  author={Odukoya, Oluwakemi Ololade and Adejimi, Adebola A and Isikekpei, Brenda and Jim, Chris S and Osibogun, Akin and Ogunsola, Folasade Tolulope and others},
  journal={Nigerian Postgraduate Medical Journal},
  volume={27},
  number={4},
  pages={271},
  year={2020},
  publisher={Medknow Publications}
}

@article{two,
  title={Seasonal trend analysis and ARIMA modeling of relative humidity and wind speed time series around Yamula Dam},
  author={Eymen, Abdurrahman and K{\"o}yl{\"u}, {\"U}mran},
  journal={Meteorology and Atmospheric Physics},
  volume={131},
  number={3},
  pages={601--612},
  year={2019},
  publisher={Springer}
}

@article{kim2021exploring,
  title={Exploring violent crimes in Chicago during the COVID-19 pandemic: do location, crime type, and social distancing type matter?},
  author={Kim, Dae-Young and McCarty, William P},
  journal={Journal of Crime and Justice},
  pages={1--16},
  year={2021},
  publisher={Taylor \& Francis}
}
